@ARTICLE{fjp, 
author={Freeman, W.T. and Jones, T.R. and Pasztor, E.C.}, 
journal={Computer Graphics and Applications, IEEE}, 
title={Example-based super-resolution}, 
year={2002}, 
month={Mar}, 
volume={22}, 
number={2}, 
pages={56-65},
ISSN={0272-1716},
}
@inproceedings{fp,
author = {Freeman, W.T. and Pasztor, E.C.},
title = {Markov Networks for Superresolution},
booktitle = {Proc. 34th Ann. Conf. Information Sciences and Systems},
year = {2000},
organization = {Dept. Electrical Eng.},
address = {Princeton Univ.},
}